<record><leader>00000cas a22000007a 4500</leader><controlfield tag="001">17358934</controlfield><controlfield tag="008">880119d18921902ohuwr ne      0    0eng d</controlfield><datafield ind1=" " ind2=" " tag="010"><subfield code="a">sn 88077038 </subfield></datafield><datafield ind1=" " ind2=" " tag="040"><subfield code="a">ONP</subfield><subfield code="b">eng</subfield><subfield code="c">ONP</subfield><subfield code="d">OCLCQ</subfield></datafield><datafield ind1=" " ind2=" " tag="042"><subfield code="a">msc</subfield></datafield><datafield ind1="0" ind2="4" tag="245"><subfield code="a">The Belle Center herald.</subfield></datafield><datafield ind1=" " ind2=" " tag="260"><subfield code="a">Belle Center, Ohio :</subfield><subfield code="b">Leo. L. Lemon,</subfield><subfield code="c">-1902.</subfield></datafield><datafield ind1=" " ind2=" " tag="310"><subfield code="a">Weekly</subfield></datafield><datafield ind1="1" ind2=" " tag="362"><subfield code="a">Began in 1892.</subfield></datafield><datafield ind1="0" ind2=" " tag="362"><subfield code="a">-v. 7, no. 30 (Nov. 28, 1902).</subfield></datafield><datafield ind1=" " ind2=" " tag="588"><subfield code="a">Description based on: Dec. 14, 1894 issue.</subfield></datafield><datafield ind1=" " ind2=" " tag="752"><subfield code="a">United States</subfield><subfield code="b">Ohio</subfield><subfield code="c">Logan</subfield><subfield code="d">Belle Center.</subfield></datafield><datafield ind1="0" ind2="7" tag="785"><subfield code="t">Belle Center voice</subfield></datafield><datafield ind1="0" ind2="7" tag="785"><subfield code="t">Herald-voice (Belle Center, Ohio : 1902)</subfield><subfield code="w">(DLC)sn 88077039</subfield></datafield></record>